[gd_scene load_steps=12 format=2]

[ext_resource path="res://src/Levels/tiles/DirtDestruct.gd" type="Script" id=1]
[ext_resource path="res://assets/tilesheets/Grass_TileSet.png" type="Texture" id=2]
[ext_resource path="res://assets/entities/player/bullet_sprite.png" type="Texture" id=3]
[ext_resource path="res://src/entities/scripts/Hitbox.gd" type="Script" id=4]













[sub_resource type="RectangleShape2D" id=1]
extents = Vector2( 8, 8 )

[sub_resource type="Gradient" id=2]
offsets = PoolRealArray( 0.76087, 1 )
colors = PoolColorArray( 1, 1, 1, 1, 0, 0, 0, 0 )

[sub_resource type="GradientTexture" id=3]
gradient = SubResource( 2 )

[sub_resource type="Curve" id=4]
_data = [ Vector2( 0, 1 ), 0.0, 0.0, 0, 0, Vector2( 0.971447, 0 ), 0.0, 0.0, 0, 0 ]

[sub_resource type="CurveTexture" id=5]
curve = SubResource( 4 )

[sub_resource type="ParticlesMaterial" id=6]
emission_shape = 2
emission_box_extents = Vector3( 8, 8, 1 )
flag_disable_z = true
gravity = Vector3( 0, 9.8, 0 )
initial_velocity = 1.0
angular_velocity = 100.0
angular_velocity_random = 1.0
orbit_velocity = 0.0
orbit_velocity_random = 0.0
radial_accel = 5.0
radial_accel_random = 1.0
scale_random = 1.0
scale_curve = SubResource( 5 )
color_ramp = SubResource( 3 )

[sub_resource type="RectangleShape2D" id=7]
extents = Vector2( 8, 8 )

[node name="StaticBody2D" type="StaticBody2D"]
script = ExtResource( 1 )

[node name="Sprite" type="Sprite" parent="."]
texture = ExtResource( 2 )
region_enabled = true
region_rect = Rect2( 17, 17, 16, 16 )

[node name="CollisionShape2D" type="CollisionShape2D" parent="."]
shape = SubResource( 1 )

[node name="Particles2D" type="Particles2D" parent="."]
modulate = Color( 0.47451, 0.376471, 0.298039, 1 )
emitting = false
amount = 12
lifetime = 1.5
one_shot = true
speed_scale = 2.0
explosiveness = 1.0
process_material = SubResource( 6 )
texture = ExtResource( 3 )

[node name="Hitbox" type="Area2D" parent="."]
visible = false
script = ExtResource( 4 )
TYPE = "area"

[node name="CollisionShape2D" type="CollisionShape2D" parent="Hitbox"]
shape = SubResource( 7 )

